@article{vaegan,
  author    = {Anders Boesen Lindbo Larsen and
               S{\o}ren Kaae S{\o}nderby and
               Ole Winther},
  title     = {Autoencoding beyond pixels using a learned similarity metric},
  journal   = {CoRR},
  volume    = {abs/1512.09300},
  year      = {2015},
  url       = {http://arxiv.org/abs/1512.09300},
  archivePrefix = {arXiv},
  eprint    = {1512.09300},
  timestamp = {Mon, 13 Aug 2018 16:48:39 +0200},
  biburl    = {https://dblp.org/rec/bib/journals/corr/LarsenSW15},
  bibsource = {dblp computer science bibliography, https://dblp.org}
}